<?xml version="1.0" encoding="UTF-8"?><collection xmlns="http://www.loc.gov/MARC21/slim"><record><leader>00501nam--2200133-i-4500</leader><controlfield tag="001">000046088</controlfield><controlfield tag="002">20161230</controlfield><controlfield tag="005">20161230201045</controlfield><controlfield tag="008">060222s1000------------r-----000-0-eng-d</controlfield><datafield ind1=" " ind2=" " tag="080"><subfield code="a">669.017.12(043)</subfield></datafield><datafield ind1=" " ind2=" " tag="100"><subfield code="a">Van Effenterre, Patrick</subfield></datafield><datafield ind1=" " ind2=" " tag="245"><subfield code="a">Etude du diagrame d`equilibre et des transformations structurales obtenues par trempe a vitesse variable ou par revenu dans les alliages de zirconium-niobium(o-55%nb). these</subfield></datafield><datafield ind1=" " ind2=" " tag="260"><subfield code="a">Paris, Univ.De Paris-sud, Centre D`Orsay, 1972, 85p</subfield></datafield><datafield ind1=" " ind2=" " tag="852"><subfield code="a">40384</subfield></datafield></record></collection>